<?xml version="1.0" encoding="UTF-8"?><record xmlns="http://www.loc.gov/MARC21/slim" xmlns:cinclude="http://apache.org/cocoon/include/1.0" xmlns:zs="http://www.loc.gov/zing/srw/">
  <leader>01153cz  a2200193n  4500</leader>
  <controlfield tag="001">n  83054499 </controlfield>
  <controlfield tag="003">DLC</controlfield>
  <controlfield tag="005">20081221205224.0</controlfield>
  <controlfield tag="008">830119n| acannaabn          |a ana      </controlfield>
  <datafield tag="010" ind1=" " ind2=" ">
    <subfield code="a">n  83054499 </subfield>
  </datafield>
  <datafield tag="035" ind1=" " ind2=" ">
    <subfield code="a">(OCoLC)oca00940242</subfield>
  </datafield>
  <datafield tag="040" ind1=" " ind2=" ">
    <subfield code="a">DLC</subfield>
    <subfield code="b">eng</subfield>
    <subfield code="c">DLC</subfield>
    <subfield code="d">OCoLC</subfield>
  </datafield>
  <datafield tag="110" ind1="2" ind2=" ">
    <subfield code="a">Jāmiʻat al-Malik ʻAbd al-ʻAzīz.</subfield>
    <subfield code="b">Markaz al-Buḥūth al-Tarbawīyah wa-al-Nafsīyah</subfield>
  </datafield>
  <datafield tag="410" ind1="2" ind2=" ">
    <subfield code="a">Jāmiʻat al-Malik ʻAbd al-ʻAzīz.</subfield>
    <subfield code="b">Ed. &amp; Psych. Research Center</subfield>
  </datafield>
  <datafield tag="410" ind1="2" ind2=" ">
    <subfield code="a">Jāmiʻat al-Malik ʻAbd al-ʻAzīz.</subfield>
    <subfield code="b">Educational and Psychological Research Center</subfield>
  </datafield>
  <datafield tag="410" ind1="2" ind2=" ">
    <subfield code="a">Jāmiʻat al-Malik ʻAbd al-ʻAzīz.</subfield>
    <subfield code="b">Ed. and Psych. Research Center</subfield>
  </datafield>
  <datafield tag="410" ind1="2" ind2=" ">
    <subfield code="a">Jāmiʻat al-Malik ʻAbd al-ʻAzīz.</subfield>
    <subfield code="b">Kullīyat al-Tarbiyah.</subfield>
    <subfield code="b">Markaz al-Buḥūth al-Tarbawīyah wa-al-Nafsīyah</subfield>
  </datafield>
  <datafield tag="410" ind1="2" ind2=" ">
    <subfield code="a">Jāmiʻat al-Malik ʻAbd al-ʻAzīz.</subfield>
    <subfield code="b">Kullīyat al-Tarbiyah.</subfield>
    <subfield code="b">Ed. &amp; Psych. Research Center</subfield>
  </datafield>
  <datafield tag="670" ind1=" " ind2=" ">
    <subfield code="a">Majallat Kullīyat al-Tarbiyah (Mecca, Saudi Arabia). Majallat ... Māyū 1980 (a.e.)</subfield>
    <subfield code="b">t.p. (Jāmiʻat al-Malik ʻAbd al-ʻAzīz, Kullīyat al-Tarbiyah, Markaz al-Buḥūth al-Tarbawīyah wa-al-Nafsīyah) p. 4 of cover (Ed &amp; Psych. Research Center)</subfield>
  </datafield>
</record>